
@misc{ChessOpenings,
	author = "Chess.com",
	title = "Chess openings",
	howpublished = "\url{https://www.chess.com/openings/}",
}
@misc{MCTS,
	author = "Świechowski M. and Godlewski, K. and Sawicki, B.",
	title = "Monte Carlo Tree Search: a review of recent modifications and applications",
	howpublished = "\url{https://link.springer.com/article/10.1007/s10462-022-10228-y}",
}
@misc{AlphaZero,
	author = "Chess.com.",
	title = "AlphaZero chess engine",
	howpublished = "\url{https://www.chess.com/terms/alphazero-chess-engine}",
}
@inproceedings{HeuristicMethods,
  author={Çeşmeli, Melike Şişeci and Pençe, İhsan and Cetişli, Bayram},
  booktitle={2016 24th Signal Processing and Communication Application Conference (SIU)}, 
  title={Comparison of search algorithms and heuristic methods in the solution of chess endgame problems}, 
  year={2016},
  volume={},
  number={},
  pages={1509-1512},
  doi={10.1109/SIU.2016.7496038}
}
@article{Minimax,
title = {Depth-first iterative-deepening: An optimal admissible tree search},
journal = {Artificial Intelligence},
volume = {27},
number = {1},
pages = {97-109},
year = {1985},
issn = {0004-3702},
doi = {https://doi.org/10.1016/0004-3702(85)90084-0},
url = {https://www.sciencedirect.com/science/article/pii/0004370285900840},
author = {Richard E. Korf},
}
@article{Alpha-Beta,
title = {An analysis of alpha-beta pruning},
journal = {Artificial Intelligence},
volume = {6},
number = {4},
pages = {293-326},
year = {1975},
issn = {0004-3702},
doi = {https://doi.org/10.1016/0004-3702(75)90019-3},
url = {https://www.sciencedirect.com/science/article/pii/0004370275900193},
author = {Donald E. Knuth and Ronald W. Moore},
}

@InProceedings{NeuralNetwork,
author="David, Omid E.
and Netanyahu, Nathan S.
and Wolf, Lior",
editor="Villa, Alessandro E.P.
and Masulli, Paolo
and Pons Rivero, Antonio Javier",
title="DeepChess: End-to-End Deep Neural Network for Automatic Learning in Chess",
booktitle="Artificial Neural Networks and Machine Learning -- ICANN 2016",
year="2016",
publisher="Springer International Publishing",
address="Cham",
pages="88--96",
}
@ARTICLE{AlgorithmComparasion,
  author={David, Omid E. and van den Herik, H. Jaap and Koppel, Moshe and Netanyahu, Nathan S.},
  journal={IEEE Transactions on Evolutionary Computation}, 
  title={Genetic Algorithms for Evolving Computer Chess Programs}, 
  year={2014},
  volume={18},
  number={5},
  pages={779-789},
  doi={10.1109/TEVC.2013.2285111}}

@INPROCEEDINGS{AlgorithmComparasion2,
  author={Guo, Tiantian and Qiu, Hongkun and Tong, Bairui and Wang, Yajie},
  booktitle={2019 Chinese Control And Decision Conference (CCDC)}, 
  title={Optimization and Comparison of Multiple Game Algorithms in Amazon Chess}, 
  year={2019},
  volume={},
  number={},
  pages={6299-6304},
  doi={10.1109/CCDC.2019.8833089}}